@article{Dorfman2004,
  doi = {10.1016/s0191-2615(03)00006-7},
  url = {https://doi.org/10.1016/s0191-2615(03)00006-7},
  year  = {2004},
  month = {jan},
  publisher = {Elsevier {BV}},
  volume = {38},
  number = {1},
  pages = {81--98},
  author = {M.J Dorfman and J Medanic},
  title = {Scheduling trains on a railway network using a discrete event model of railway traffic},
  journal = {Transportation Research Part B: Methodological}
}

@article{Potekhin2016,
  doi = {10.1134/s0005117916020107},
  url = {https://doi.org/10.1134/s0005117916020107},
  year  = {2016},
  month = {feb},
  publisher = {Pleiades Publishing Ltd},
  volume = {77},
  number = {2},
  pages = {344--355},
  author = {A. I. Potekhin and S. A. Branishtov and S. K. Kuznetsov},
  title = {Discrete-event models of a railway network},
  journal = {Automation and Remote Control}
}

@article{Sahelgozin2015,
  doi = {10.5194/isprsarchives-xl-1-w5-645-2015},
  url = {https://doi.org/10.5194/isprsarchives-xl-1-w5-645-2015},
  year  = {2015},
  month = {dec},
  publisher = {Copernicus {GmbH}},
  volume = {{XL}-1-W5},
  pages = {645--650},
  author = {M. Sahelgozin and A. Alimohammadi},
  title = {{MODELLING} {TEMPORAL} {SCHEDULE} {OF} {URBAN} {TRAINS} {USING} {AGENT}-{BASED} {SIMULATION} {AND} {NSGA}2-{BASED} {MULTIOBJECTIVE} {OPTIMIZATION} {APPROACHES}},
  journal = {{ISPRS} - International Archives of the Photogrammetry,  Remote Sensing and Spatial Information Sciences}
}

@article{Xu2014,
  doi = {10.1088/1674-1056/23/8/080205},
  url = {https://doi.org/10.1088/1674-1056/23/8/080205},
  year  = {2014},
  month = {jul},
  publisher = {{IOP} Publishing},
  volume = {23},
  number = {8},
  pages = {080205},
  author = {Xiao-Ming Xu and Ke-Ping Li and Li-Xing Yang},
  title = {Discrete event model-based simulation for train movement on a single-line railway},
  journal = {Chinese Physics B}
}